@MISC{b1,
  author       = {Luke Conway},
  title        = {Blockchain Explained},
  url          = {https://www.investopedia.com/terms/b/blockchain.asp#storage-structure},
  organization = {Investopedia},
  urldate      = {2021-03-22},
}

@MISC{b2,
  title        = {What is blockchain technology},
  url          = {https://www.ibm.com/blockchain/what-is-blockchain},
  organization = {IBM},
  urldate      = {2021-03-22},
}

@MISC{b3,
  title        = {What is a Blockchain},
  url          = {https://www.coinbase.com/es/learn/crypto-basics/what-is-a-blockchain},
  organization = {Coinbase},
  urldate      = {2021-05-29},
}

@MISC{b4,
  title        = {What is Blockchain},
  url          = {https://www.oracle.com/blockchain/what-is-blockchain/},
  organization = {Oracle},
  urldate      = {2021-05-29},
}

@MISC{whatIsHash,
  title        = {What is a hash function},
  url          = {https://www.ionos.com/digitalguide/server/security/hash-function/},
  organization = {IONOS},
  urldate      = {2021-03-22},
}

@MISC{whatIsNonce,
  title        = {What is a golden nonce and what is its usage in blockchain?},
  url          = {https://www.blockchain-council.org/blockchain/what-is-a-golden-nonce-and-what-is-its-usage-in-blockchain/},
  organization = {Toshendra Kumar Sharma},
  urldate      = {2021-05-29},
}

@MISC{whatIsBitcoin,
  author       = {{Tal Yellin, Dominic Aratari, Jose Pagliery}},
  title        = {What is bitcoin?},
  url          = {https://money.cnn.com/infographic/technology/what-is-bitcoin/index.html},
  organization = {CNN},
  urldate      = {2021-03-22},
}

@MISC{whatIsProofOfWork,
  author       = {Alyssa Hertig},
  title        = {What is Proof-of-Work},
  url          = {https://www.coindesk.com/what-is-proof-of-work},
  organization = {Tech},
  urldate      = {2021-03-22},
}

@MISC{minarBitcoin,
  title        = {Minar bitcoins, ¿en qué consiste y cómo funciona?},
  url          = {https://academy.bit2me.com/que-es-minar-bitcoins/},
  organization = {bit2me Academy},
  urldate      = {2021-03-22},
}

@MISC{tiposBlock1,
  author       = {Mar Calvo},
  title        = {Conoce los diferentes tipos de blockchain},
  url          = {https://www.blockchainservices.es/novedades/conoce-los-diferentes-tipos-de-blockchain/},
  organization = {Blockchain Services},
  urldate      = {2021-03-23},
}

@MISC{tiposBlock2,
  author       = {Alex Preukschat},
  title        = {Los tipos de blockchain: públicas, privadas e híbridas},
  url          = {https://inetum.com.es/es/blog/Post/Los-tipos-de-Blockchain-publicas-privadas-e-hibridas-y-II/},
  organization = {INETUM},
  urldate      = {2021-03-23},
}

@MISC{webBitcoin,
  title        = {Página de bitcoin},
  url          = {https://bitcoin.org/es/},
  organization = {Bitcoin},
  urldate      = {2021-03-23},
}

@MISC{webEthereum,
  title        = {Página de ethereum},
  url          = {https://ethereum.org/es/},
  organization = {Ethereum},
  urldate      = {2021-03-23},
}

@MISC{webR3,
  title        = {Página de R3},
  url          = {https://www.r3.com/},
  organization = {R3},
  urldate      = {2021-03-23},
}

@MISC{webRipple,
  title        = {Página de Ripple},
  url          = {https://ripple.com/},
  organization = {Ripple},
  urldate      = {2021-03-23},
}

@MISC{webQuorum,
  title        = {Página de Quorum},
  url          = {https://consensys.net/quorum/},
  organization = {Quorum},
  urldate      = {2021-03-23},
}

@MISC{webCorda,
  title        = {Página de Corda},
  url          = {https://www.corda.net/},
  organization = {Corda},
  urldate      = {2021-03-23},
}

@MISC{webHyper,
  title        = {Página de Hyperledger},
  url          = {https://www.hyperledger.org/},
  organization = {Hyperledger},
  urldate      = {2021-03-23},
}

@MISC{algoConsenso,
  author       = {Nelson Rodriguez},
  title        = {Algoritmos de Consenso: La raíz de la tecnología blockchain},
  url          = {https://101blockchains.com/es/algoritmos-de-consenso-blockchain/#1},
  organization = {101Blockchain},
  urldate      = {2021-03-23},
}

@MISC{bitcoinEnergyUse,
  author       = {Danny Bradburd},
  title        = {How Much Power It Takes to Create a Bitcoin},
  url          = {https://www.thebalance.com/how-much-power-does-the-bitcoin-network-use-391280},
  organization = {The Balance},
  urldate      = {2021-03-23},
}

@MISC{BFT,
  title        = {Tolerancia a faltas bizantinas},
  url          = {https://freeton.house/es/tolerancia-a-faltas-bizantinas-el-metodo-del-consenso-de-free-ton/},
  organization = {Eugene Krasinsky},
  urldate      = {2021-05-29},
}

@MISC{Ethereum2.0,
  title        = {Upgrading Ethereum to radical new heights},
  url          = {https://ethereum.org/en/eth2/},
  organization = {Ethereum},
  urldate      = {2021-03-24},
}

@MISC{NxT,
  title        = {Web de NxT},
  url          = {http://nxtcrypto.org/},
  organization = {NxT},
  urldate      = {2021-03-24},
}

@MISC{etherSmartContract,
  title        = {Introduction to smart contracts},
  url          = {https://ethereum.org/en/developers/docs/smart-contracts/},
  organization = {Ethereum},
  urldate      = {2021-03-24},
}

@MISC{Gwei,
  title        = {Gwei WebPage},
  url          = {https://gwei.io/es/},
  organization = {Gwei Ethereum},
  urldate      = {2021-03-24},
}

@MISC{SolidityDocs,
  title        = {Solidity Welcome Page},
  url          = {https://soliditylang.org/},
  organization = {Ethereum/Solidity},
  urldate      = {2021-03-25},
}

@MISC{VyperDocs,
  title        = {Vyper Doc Page},
  url          = {https://vyper.readthedocs.io/en/stable/},
  organization = {Ethereum/Vyper},
  urldate      = {2021-03-25},
}

@MISC{etherStack,
  title        = {Intro to the ethereum stack},
  url          = {https://ethereum.org/en/developers/docs/ethereum-stack/},
  organization = {Ethereum},
  urldate      = {2021-03-25},
}

@MISC{web3,
  title        = {Web3 JavaScript API Page},
  url          = {https://web3js.readthedocs.io/en},
  organization = {Web3},
  urldate      = {2021-03-25},
}

@MISC{listaCripto,
  title        = {Todas las criptodivisas},
  url          = {https://coinmarketcap.com/es/all/views/all/},
  organization = {CoinMarketCap},
  urldate      = {2021-03-25},
}

@MISC{civic,
  title        = {Web de Civic},
  url          = {https://www.civic.com/},
  organization = {Civic},
  urldate      = {2021-03-25},
}

@MISC{niuron,
  title        = {Web de Niuron},
  url          = {http://niuron.io/},
  organization = {Niuron},
  urldate      = {2021-03-25},
}

@MISC{carrefour,
  title        = {Carrefour lanza el primer blockchain alimentario en España},
  url          = {https://www.carrefour.es/grupo-carrefour/sala-de-prensa/noticias2015.aspx?tcm=tcm:5-50248},
  organization = {Carrefour},
  urldate      = {2021-03-25},
}

@MISC{tuig,
  author       = {FT Reporter},
  title        = {TUI Group Uses Blockchain},
  url          = {https://ftreporter.com/tui-group-uses-blockchain/},
  organization = {FT Reporter},
  urldate      = {2021-03-25},
}

@MISC{santanderVotacion,
  title        = {Santander y Broadridge utilizan por primera vez tecnología blockchain para votar en una junta general de accionistas},
  url          = {https://www.santander.com/content/dam/santander-com/es/documentos/historico-notas-de-prensa/2018/05/NP-2018-05-17-Santander%20y%20Broadridge%20utilizan%20por%20primera%20vez%20tecnolog%C3%ADa%20blockchain%20para%20votar%20en%20una%20ju-es.pdf},
  organization = {Santander y Broadridge},
  urldate      = {2021-03-25},
}

@MISC{appCripto,
  title        = {Aplicaciones, utilidad y casos de uso del blockchain con ejemplos de 2021},
  url          = {https://criptomoneda.ninja/aplicaciones-blockchain/#criptomonedas},
  organization = {Criptomoneda.ninja},
  urldate      = {2021-03-25},
}

@MISC{GET,
  title        = {GET Protocol web page},
  url          = {https://get-protocol.io/},
  organization = {GET Protocol},
  urldate      = {2021-03-26},
}

@MISC{srcGET,
  title        = {Código fuente del Smart Contract de GET},
  url          = {https://etherscan.io/address/0x4cd90231a36ba78a253527067f8a0a87a80d60e4#code},
  organization = {GET Protocol},
  urldate      = {2021-03-26},
}

@MISC{IPFS,
  title        = {IPFS web page},
  url          = {https://ipfs.io/},
  organization = {IPFS},
  urldate      = {2021-03-26},
}

@MISC{tokGET,
  title        = {Visualización de las transacciones realizadas con el token GET},
  url          = {https://etherscan.io/token/0x8a854288a5976036a725879164ca3e91d30c6a1b},
  organization = {GET},
  urldate      = {2021-03-26},
}

@MISC{alianzaArc,
  title        = {Arcblock and lifeID announce partnership to bring digital identity tools to blockchain3.0 developer ecosystem},
  url          = {https://medium.com/lifeid/arcblock-and-lifeid-announce-partnership-to-bring-digital-identity-tools-to-blockchain-3-0-5296c60a0940},
  organization = {lifeID},
  urldate      = {2021-03-26},
}

@MISC{webArc,
  title        = {ArcBlock web page},
  url          = {https://www.arcblock.io/en/},
  organization = {ArcBlock},
  urldate      = {2021-03-26},
}

@MISC{dapps,
  author       = {{Matt Hussey, Scott Chipolina}},
  title        = {What are Dapps},
  url          = {https://decrypt.co/resources/dapps},
  organization = {Decrypt},
  urldate      = {2021-03-26},
}

@MISC{flutter,
  title        = {Flutter web page},
  url          = {https://flutter.dev/},
  organization = {Google},
  urldate      = {2021-04-23},
}

@MISC{androidDocs,
  title        = {Documentación de Android},
  url          = {https://developer.android.com/guide},
  organization = {Google},
  urldate      = {2021-04-23},
}

@MISC{kotlin,
  title        = {Documentación de Kotlin},
  url          = {https://kotlinlang.org/docs/home.html},
  organization = {Kotlin},
  urldate      = {2021-04-23},
}

@MISC{java,
  title        = {Documentación de Java},
  url          = {https://docs.oracle.com/en/java/},
  organization = {Oracle},
  urldate      = {2021-04-23},
}

@MISC{c++,
  title        = {Documentación de C++},
  url          = {https://docs.microsoft.com/en-us/cpp/cpp/basic-concepts-cpp?view=msvc-160},
  organization = {Microsoft},
  urldate      = {2021-04-23},
}

@MISC{nodejs,
  title        = {Web oficial de NodeJS},
  url          = {https://nodejs.org/en/},
  organization = {NodeJS},
  urldate      = {2021-05-21},
}

@MISC{swagger,
  title        = {Web oficial de Swagger},
  url          = {https://swagger.io/},
  organization = {Swagger Supported by SMARTBEAR},
  urldate      = {2021-05-21},
}

@MISC{marvelapp,
  title        = {Web oficial de Marvelapp},
  url          = {https://marvelapp.com/},
  organization = {Marvel},
  urldate      = {2021-05-22},
}

@MISC{forgis98,
  author       = {Jorge Sol González},
  title        = {Cuenta de Github},
  url          = {https://github.com/FORGIS98},
  urldate      = {2021-05-22},
}

@MISC{ecdsa,
  title        = {What is ECDSA Encryption? How does it work?},
  url          = {https://www.encryptionconsulting.com/education-center/what-is-ecdsa/},
  organization = {EncryptionConsulting},
  urldate      = {2021-05-23},
}

@MISC{bc,
  title        = {Criptografía, Guias de Android},
  url          = {https://developer.android.com/guide/topics/security/cryptography},
  organization = {Android},
  urldate      = {2021-05-23},
}

@MISC{maven,
  title        = {Web oficial de Maven Central},
  url          = {https://mvnrepository.com/},
  organization = {Maven},
  urldate      = {2021-05-23},
}

@MISC{sonatype,
  title        = {Web oficial de Sonatype},
  url          = {https://www.sonatype.com/},
  organization = {Sonatype},
  urldate      = {2021-05-23},
}

@MISC{waseef,
  title        = {Publishing your first Android library to MavenCentral},
  url          = {https://www.waseefakhtar.com/android/publishing-your-first-android-library-to-mavencentral/},
  organization = {WaseefAkhtar},
  urldate      = {2021-05-23},
}

@MISC{agenda2030,
  title        = {La Agenda para el Desarrollo Sostenible},
  url          = {https://www.un.org/sustainabledevelopment/es/development-agenda/},
  organization = {ONU},
  urldate      = {2021-05-24},
}

@MISC{17objetivos,
  title        = {Objetivos de Desarrollo Sostenible},
  url          = {https://www.un.org/sustainabledevelopment/es/objetivos-de-desarrollo-sostenible/},
  organization = {ONU},
  urldate      = {2021-05-24},
}

@MISC{bitcoinNodos,
  title        = {Global Bitcoin Nodes Distribution},
  url          = {https://bitnodes.io/},
  organization = {Bitnodes},
  urldate      = {2021-05-24},
}

@MISC{coinshare,
  title        = {The Bitcoin Mining Network},
  url          = {https://coinshares.com/research/bitcoin-mining-network-june-2019},
  organization = {CoinShares},
  urldate      = {2021-05-24},
}

@MISC{bkClimateF,
  title        = {Blockchain for Climate Foundation},
  url          = {https://www.blockchainforclimate.org/},
  organization = {BfCF},
  urldate      = {2021-05-24},
}

@MISC{android,
  title        = {Web de Android},
  url          = {https://www.android.com/intl/es_es/},
  organization = {Android},
  urldate      = {2021-05-25},
}

@MISC{androidAuto,
  title        = {Android Auto Web},
  url          = {https://www.android.com/intl/es_es/auto/},
  organization = {Android},
  urldate      = {2021-05-25},
}

@MISC{jfrog,
  title        = {Empresa JFrog},
  url          = {https://jfrog.com/},
  organization = {JFrog},
  urldate      = {2021-05-28},
}

@MISC{readthedocs,
  title        = {Web de read the docs},
  url          = {https://readthedocs.org/},
  organization = {Read the Docs},
  urldate      = {2021-05-28},
}

@MISC{javadocs,
  title        = {Javadocs},
  url          = {https://docs.oracle.com/javase/8/docs/technotes/tools/windows/javadoc.html},
  organization = {Oracle},
  urldate      = {2021-05-28},
}

@MISC{dokka,
  title        = {Github de Dokka},
  url          = {https://github.com/Kotlin/dokka},
  organization = {Kotlin},
  urldate      = {2021-05-28},
}

@MISC{doxygen,
  title        = {Web de Doxygen},
  url          = {https://www.doxygen.nl/index.html},
  organization = {Doxygen},
  urldate      = {2021-05-28},
}

@MISC{walletRec,
  title        = {Web de Wallet Recovery},
  url          = {https://walletrecovery.info/},
  organization = {Wallet Recovery},
  urldate      = {2021-05-28},
}

@MISC{WRS,
  title        = {Web de WRS},
  url          = {https://www.walletrecoveryservices.com/},
  organization = {Wallet Recovery Service},
  urldate      = {2021-05-28},
}

@MISC{btcrecover,
  title        = {Github de btcrecover},
  url          = {https://github.com/gurnec/btcrecover},
  organization = {Gurnec},
  urldate      = {2021-05-28},
}

@MISC{ganache,
  title        = {Web de ganache},
  url          = {https://www.trufflesuite.com/ganache},
  organization = {Truffle Suite},
  urldate      = {2021-05-28},
}

@MISC{geth,
  title        = {Documentación de Geth},
  url          = {https://docs.ethhub.io/using-ethereum/ethereum-clients/geth/},
  organization = {Geth EthHub},
  urldate      = {2021-05-28},
}

@MISC{scrypt,
  title        = {Scrypt manual page},
  url          = {https://datatracker.ietf.org/doc/html/rfc7914},
  organization = {IETF},
  urldate      = {2021-05-31},
}

@MISC{mockito,
  title        = {Repositorio de GitHub de Mockito},
  url          = {https://github.com/mockito/mockito},
  organization = {Mockito},
  urldate      = {2021-06-02},
}

@MISC{espresso,
  title        = {Guía de Android sobre Espresso},
  url          = {https://developer.android.com/training/testing/espresso},
  organization = {Android},
  urldate      = {2021-06-02},
}

@MISC{uia,
  title        = {Guía de Android sobre UI Automator},
  url          = {https://developer.android.com/training/testing/ui-automator},
  organization = {Android},
  urldate      = {2021-06-02},
}

@MISC{ether_keystore,
  title        = {Keystore File},
  url          = {https://ethereum.org/en/glossary/#keystore-file},
  organization = {Ethereum},
  urldate      = {2021-06-02},
}

@MISC{ether_private,
  title        = {Private Key},
  url          = {https://ethereum.org/en/glossary/#private-key},
  organization = {Ethereum},
  urldate      = {2021-06-02},
}

@MISC{aes_128,
  title        = {Advanced Encryption Standard},
  url          = {https://www.tutorialspoint.com/cryptography/advanced_encryption_standard.htm},
  organization = {TutorialsPoint},
  urldate      = {2021-06-02},
}

@MISC{kdf,
  title        = {Cryptographic Extraction and Key Derivation: The HKDF Scheme},
  url          = {https://eprint.iacr.org/2010/264.pdf},
  organization = {Hugo Krawczyk},
  urldate      = {2021-06-02},
}

@MISC{mac,
  title        = {Message Authentication},
  url          = {https://www.tutorialspoint.com/cryptography/message_authentication.htm},
  organization = {TutorialsPoint},
  urldate      = {2021-06-02},
}

@MISC{sha3,
  title        = {SHA-3 Standard: Permutation-Based Hash and Extendable-Output Functions},
  url          = {https://nvlpubs.nist.gov/nistpubs/FIPS/NIST.FIPS.202.pdf},
  organization = {National Institute of Standards and Technology},
  urldate      = {2021-06-02},
}

@MISC{linux,
  title        = {Linux y el sistema GNU},
  url          = {https://www.gnu.org/gnu/linux-and-gnu.html},
  organization = {Richard Stallman},
  urldate      = {2021-06-02},
}

@MISC{usuariosLinux,
  title        = {Linux User Permission},
  url          = {https://www.educba.com/linux-user-permission/},
  organization = {Alokananda Ghoshal},
  urldate      = {2021-06-02},
}

@MISC{alastria,
  title        = {Web de Alastria},
  url          = {https://alastria.io/home},
  organization = {Alastria},
  urldate      = {2021-06-02},
}







% ----------------------- %
% CREADOR DE LA PLANTILLA %
% ----------------------- %
@MISC{salido10,
  author       = {Jesús Salido},
  title        = {Curso: {\LaTeX{}} esencial para preparación de TFG, Tesis y otros documentos académicos},
  url          = {http://visilab.etsii.uclm.es/?page_id=1468},
  language     = {spanish},
  organization = {Universidad de Castilla-La Mancha},
  urldate      = {2021-05-22},
  howpublished = {Apuntes de la {UCLM}},
  langid       = {spanish},
}

